% This file was created with Citavi 6.7.0.0

@online{datasheet.LM2596.TexasInstruments.2021,
 title = {LM2596 SIMPLE SWITCHER Power Converter 150-kHz 3-A Step-Down Voltage Regulator},
 url = {https://www.ti.com/lit/ds/symlink/lm2596.pdf},
 urldate = {2021-04-27},
 abstract = {},
 organization = {{Texas Instruments}},
 subtitle = {Datasheet}
}


@online{datasheet.LM317.TexasInstruments.2021,
 title = {LM3173-TerminalAdjustableRegulator},
 url = {https://www.ti.com/lit/ds/symlink/lm317.pdf},
 urldate = {2021-04-27},
 abstract = {},
 organization = {{Texas Instruments}},
 subtitle = {Datasheet}
}


@online{LT1054.datasheet.TI,
 title = {LT1054 Switched-Capacitor Voltage Converters With Regulators},
 url = {https://www.ti.com/lit/ds/symlink/lt1054.pdf},
 urldate = {2021-06-05},
 abstract = {},
 organization = {{Texas Instruments}},
 subtitle = {Datasheet}
}


@online{ltspice.bug,
 author = {jonk},
 title = {Forenbeitrag},
 url = {https://electronics.stackexchange.com/questions/350520/why-does-ltspice-sometimes-stop-printing-midway-through-a-simulation},
 urldate = {2021-06-21},
 abstract = {},
 subtitle = {Why does LTSpice sometimes stop printing midway through a simulation}
}


